[gd_scene load_steps=9 format=2]

[ext_resource path="res://src/entities/player/Player.gd" type="Script" id=1]
[ext_resource path="res://assets/fonts/anton.ttf" type="DynamicFontData" id=2]

[sub_resource type="CapsuleShape" id=1]
height = 3.0

[sub_resource type="CylinderShape" id=2]

[sub_resource type="CylinderShape" id=3]

[sub_resource type="BoxShape" id=4]

[sub_resource type="StyleBoxFlat" id=5]
content_margin_left = 10.0
content_margin_right = 10.0
content_margin_top = 2.0
content_margin_bottom = 2.0
bg_color = Color( 0, 0, 0, 0.501961 )
corner_radius_top_left = 10
corner_radius_top_right = 10
corner_radius_bottom_right = 10
corner_radius_bottom_left = 10

[sub_resource type="DynamicFont" id=6]
size = 24
outline_size = 2
outline_color = Color( 0, 0, 0, 0.501961 )
use_filter = true
font_data = ExtResource( 2 )

[node name="Player" type="KinematicBody" groups=[
"Player",
]]
script = ExtResource( 1 )

[node name="Head" type="Spatial" parent="."]
transform = Transform( 1, 0, 0, 0, 1, 0, 0, 0, 1, 0, 2, 0 )

[node name="Eye" type="Camera" parent="Head"]
current = true
fov = 75.0

[node name="InteractRay" type="RayCast" parent="Head"]
enabled = true
cast_to = Vector3( 0, 0, -5 )
collide_with_areas = true
collide_with_bodies = false

[node name="BodyHitbox" type="CollisionShape" parent="."]
transform = Transform( 1, 0, 0, 0, -4.37114e-08, -1, 0, 1, -4.37114e-08, 0, 0, 0 )
shape = SubResource( 1 )

[node name="FootHitbox" type="CollisionShape" parent="."]
transform = Transform( 1, 0, 0, 0, 1, 0, 0, 0, 1, 0, -1.5, 0 )
shape = SubResource( 2 )

[node name="OtherHitbox" type="Area" parent="."]

[node name="CollisionShape" type="CollisionShape" parent="OtherHitbox"]
transform = Transform( 1.1, 0, 0, 0, 2, 0, 0, 0, 1.1, 0, 0, 0 )
shape = SubResource( 3 )

[node name="HeadHitbox" type="Area" parent="."]

[node name="CollisionShape" type="CollisionShape" parent="HeadHitbox"]
transform = Transform( 1, 0, 0, 0, 1, 0, 0, 0, 1, 0, 2, 0 )
shape = SubResource( 4 )

[node name="CanvasLayer" type="CanvasLayer" parent="."]

[node name="DialogueBox" type="Label" parent="CanvasLayer" groups=[
"DialogueBox",
]]
visible = false
anchor_left = 0.1
anchor_top = 0.6
anchor_right = 0.9
anchor_bottom = 0.9
margin_top = -5.0
size_flags_horizontal = 13
size_flags_vertical = 12
custom_styles/normal = SubResource( 5 )
custom_fonts/font = SubResource( 6 )
custom_colors/font_color = Color( 0.803922, 0.568627, 0, 1 )
text = "Provident earum dicta vero temporibus minima et ipsum quidem. Neque velit nulla perspiciatis ipsum quas. Omnis exercitationem laboriosam quas dolores quisquam dolorem numquam. Sed dicta necessitatibus est molestiae quia saepe sunt. Officia quasi accusamus autem vero."
autowrap = true
clip_text = true
__meta__ = {
"_edit_use_anchors_": false
}

[node name="OptionList" type="VBoxContainer" parent="CanvasLayer" groups=[
"DialogueOptions",
]]
visible = false
anchor_left = 0.05
anchor_top = 0.75
anchor_right = 0.95
anchor_bottom = 0.95
__meta__ = {
"_edit_use_anchors_": false
}
